2084 3028
238 192 361 255 ocuus
380 193 410 239 v.
447 189 572 240 sommo
593 193 624 237 u.
775 187 807 239 ts

56 315 122 374 [Ubi
133 315 195 357 intur
205 313 264 356 haue
274 326 352 355 novam
362 317 454 368 nuptum
466 313 551 354 deduxi
562 311 599 352 viu
608 317 681 353 rectae
697 303 782 354 cluuem

59 389 162 432 abduxi.
193 387 239 430 Sed
250 391 326 431 tomen
336 388 442 429 tenebrae
453 386 486 428 ibi
497 388 563 427 eraut
572 388 679 440 tanquam
689 396 743 425 uox.

6 453 10 464 ’
60 461 175 512 Colloeo,
190 459 274 510 fulcio,
290 457 365 501 mollio

59 542 86 579 ut
98 537 164 592 prior
175 547 240 589 quam
252 545 323 576 reuex
333 536 390 588 nupt

59 608 158 651 'l'arduu
168 620 219 649 ease
229 604 293 648 eloco
305 607 379 662 coepi,
395 605 497 658 quoniam

57 685 178 736 Respecto
188 679 325 730 identidem,
340 691 368 721 ne
378 691 457 727 senex,

58 753 200 797 llleeebram
211 751 296 808 stupri,
311 751 425 806 principio
435 762 484 792 eam
495 751 579 792 redum
591 762 668 805 pereo.

59 823 159 880 Repulit
169 822 225 866 mihi
235 835 379 873 manum,nee
389 823 487 876 quietum
498 823 552 865 dare
564 821 698 864 sibiravium
704 823 806 864 meriuit

59 899 130 942 Enim
145 899 189 940 iam
205 897 275 950 magia
289 896 430 952 adpropero,
444 897 515 949 magle
530 898 574 938 iam
589 895 653 937 hibet
667 896 690 936 in
701 893 805 938 Carinum

225 971 320 1020 irruere,
835 971 861 1010 16

59 1047 136 1102 Cupio
146 1043 210 1087 illam
219 1055 311 1099 operam
321 1042 370 1084 reni
381 1042 506 1096 subripere.
526 1041 607 1083 Furem
618 1040 683 1092 obdu,
695 1054 722 1084 na
733 1055 805 1084 renex

229 1131 264 1158 me
275 1116 398 1171 opprimat.
481 1157 483 1161 ,

61 1203 111 1236 mu.
126 1179 240 1244 Agedum,
258 1195 282 1232 tu
293 1189 331 1230 adi
342 1187 407 1230 hunc.
438 1197 479 1230 ct..
495 1189 540 1231 Ubi
550 1193 589 1231 tua
599 1202 658 1232 nova
666 1192 738 1244 nupta
749 1189 796 1230 ertt

63 1276 107 1308 ot..
122 1264 187 1307 Perii
197 1260 285 1310 hercle,
300 1260 428 1304 manufesta
438 1274 475 1302 rea
485 1265 526 1304 eat.

63 1349 106 1382 cu.
123 1337 214 1378 Omnem
231 1334 309 1376 ordine
322 1347 371 1376 rem
381 1333 449 1376 fateri
460 1347 513 1386 ergo
524 1346 617 1387 aequom
627 1339 670 1378 ert.
700 1335 760 1384 Quid
770 1335 805 1376 iu-

228 1407 362 1460 turegiturl

62 1485 124 1536 Quid
138 1483 185 1536 agit
196 1481 292 1524 Carina!
312 1480 378 1522 aatin’
393 1479 505 1532 morigera
519 1483 566 1522 ertt
587 1489 630 1524 οι.
644 1481 720 1524 Pudet
731 1481 805 1524 dicere

228 1547 271 1598 me.¹
301 1563 341 1597 ca.
355 1553 458 1595 Memora
467 1553 554 1603 ordine,
835 1557 862 1595 20

64 1636 90 1675 ut
100 1642 230 1684 oeceperar.
260 1638 302 1670 οι.
318 1627 395 1669 Pudet
405 1625 489 1669 hercle.
519 1635 561 1668 ct..
577 1625 624 1678 Age
634 1626 749 1668 audacter.

62 1697 805 1756 Postquamdecubuiati,hiuetevolomemoraraquidertfaetum.

25 1811 28 1816 .
65 1787 109 1819 οι..
120 1775 151 1817 At
160 1775 273 1828 flagitium
283 1776 325 1816 ert.
347 1783 387 1816 ci..
400 1771 524 1822 Cavebunt,
535 1772 573 1825 qui
584 1771 705 1821 audierint,
716 1772 805 1815 fariam.

63 1860 108 1892 οι..
120 1849 170 1891 Huc
179 1848 251 1890 maius
261 1849 304 1890 eat.
328 1856 369 1889 cu.
379 1846 470 1888 Perdir.
490 1845 548 1894 Quin
559 1847 582 1886 tu
592 1845 683 1900 pergiat
707 1855 749 1888 οι.
760 1843 803 1888 Uli

184 1921 300 1965 uarubtur
309 1933 378 1976 porro
834 1922 861 1960 25

285 1993 347 2048 quid.
363 2003 405 2034 ⁰1„
415 1991 504 2036 Babae!
521 2002 562 2036 cb·
574 1993 646 2042 auidi
661 1990 804 2047 ⁰1..Papael

188 2066 242 2122 quid
252 2067 300 2108 eati
326 2076 368 2108 οι.
384 2065 429 2116 oh,
444 2068 494 2108 erat
503 2078 640 2109 maxumum.

65 2139 172 2183 Gladium
182 2152 210 2181 ne
220 2137 315 2181 haberet
324 2139 405 2181 metuit
420 2138 444 2180 id
455 2151 562 2192 quaerere
572 2139 673 2192 occoepi.

64 2214 138 2264 Dum,
152 2212 280 2266 gladiumne
290 2211 383 2261 habeat,
399 2223 493 2266 quaero,
509 2211 594 2266 arripio
605 2209 716 2266 capulum.

64 2287 111 2330 Sed
117 2299 183 2340 quom
188 2286 270 2338 uagitu,
281 2297 326 2326 uun
331 2281 522 2336 habuitgladium:
532 2295 585 2325 uam
591 2283 615 2326 id
621 2286 682 2325 erret
691 2282 805 2336 frigidiur.
835 2286 863 2324 30

64 2371 106 2405 ει.
122 2357 243 2414 Eloquere.
273 2368 315 2399 οι.
331 2357 362 2398 At
371 2357 449 2411 pudet.
480 2366 521 2400 ct..
536 2353 596 2398 Num
605 2356 674 2398 radix
685 2355 744 2397 fuitt
763 2365 806 2398 οι.

228 2430 281 2474 Nou
291 2431 344 2474 fuit·
374 2439 415 2474 ct..
430 2427 491 2471 Num
501 2428 614 2470 cucumis!

63 2517 106 2549 ou.
122 2505 232 2548 Profecto
243 2501 319 2546 hercle
329 2515 374 2545 non
383 2502 428 2545 fuit
437 2501 558 2556 quidquam
568 2500 666 2551 olerum3

64 2580 119 2627 uiri,
130 2572 238 2632 quidquid
249 2581 310 2625 erat,
325 2575 442 2618 calamitae
452 2573 558 2630 profecto
568 2575 677 2627 attigerat
687 2554 954 2639 nunquan-4*

62 2652 112 2702 lta,
127 2648 237 2706 quidquid
252 2654 313 2698 erat,
333 2648 418 2700 grande
433 2650 490 2691 erat.
519 2657 567 2690 nu.
585 2648 643 2697 Quid
657 2649 683 2690 ot
698 2647 770 2692 deuio·

227 2721 353 2765 Edisserta.
