2084 3028
141 221 189 274 294
471 223 604 270 NOTAE

196 343 232 394 ll,
247 347 272 395 1,
290 346 322 388 15.
346 343 430 403 Nempe
449 341 639 394 monosyllabum,
664 347 688 384 ut
707 343 789 384 Pseud.
806 345 829 391 l,
845 343 870 392 3,
887 345 933 385 133.

142 401 170 442 el.
186 425 213 432 -
238 414 258 442 v.
274 404 307 443 16.
328 398 403 442 Senes
422 398 606 450 monosyllabum,
627 403 651 440 ut
670 399 738 453 Epid.
755 403 773 448 1,
791 401 809 449 1,
825 401 860 440 113.
875 399 934 442 liud.

141 456 198 512 prol.
214 460 248 499 35.
264 455 294 498 al.
309 479 337 488 -
360 469 380 496 v.
396 458 431 498 36.
450 469 494 498 esse
514 453 702 507 monosyllabum.

195 512 231 563 ll,
252 517 276 562 5,
296 517 316 555 b.
345 510 483 566 Scripsimus
509 510 605 554 detrusti
627 525 667 566 pro
687 509 747 564 vulg.
767 508 888 553 demsisti.
906 533 935 544 -··

140 585 160 611 v.
172 573 205 611 11.
216 567 255 611 Sic
268 567 329 611 libri.
350 566 449 620 litvulg.
470 565 650 610 Stultum-est
664 579 695 608 ex
709 567 874 616 emendatione,
890 579 932 619 quo

141 629 246 677 iungatur
269 623 305 666 hic
327 639 359 666 vs.
380 638 427 666 cum
447 624 561 676 sequenti,
586 623 623 678 qui
647 623 695 664 siue
719 624 785 666 dubio
802 623 934 678 ¹suppositi·

140 685 184 724 tius
204 687 246 723 cst.

195 735 230 787 11,
244 741 304 833 'bll-
325 735 382 780 tuoe
401 734 589 790 monosyllabum,
609 739 634 777 ut
653 733 735 790 Amph.
751 737 770 786 1,
787 739 806 786 1,
821 739 842 778 1.
867 733 934 790 Gspt,

142 800 160 845 r,
176 795 245 846 ure.
265 807 293 834 a.

195 849 306 899 11,3,1.
326 848 394 902 Vulg.
414 849 474 892 Abeo
493 849 566 892 iratus
584 847 657 891 illinc.
686 847 890 902 Trausposuiraus,
909 851 935 889 ut

143 905 208 950 illinc
227 907 256 948 sit
275 903 464 958 monosyllabum,
483 906 516 948 uti
536 906 604 947 Most.
619 907 643 954 2,
659 909 683 955 2,
702 907 737 946 36.
757 904 796 960 quo·
813 907 887 946 autem
907 917 935 946 ue

142 961 247 1005 elidatur.
261 985 289 993 -
319 963 419 1010 Quatuor
443 962 551 1015 postremi
570 961 635 1002 huius
659 973 739 1003 scenae
758 974 836 1002 versus
855 963 934 1014 aperte

142 1019 213 1074 spurii
232 1021 291 1059 sunt.
320 1016 372 1058 Nou
393 1018 451 1060 enim
475 1018 544 1058 otium
563 1019 613 1059 erat
636 1015 703 1072 plura
722 1017 790 1059 etism
813 1017 934 1059 adiiciendi

142 1079 195 1130 post
212 1088 233 1116 v.
249 1077 282 1116 23.
303 1073 391 1116 Deinde
415 1085 523 1128 nusquam
546 1075 651 1116 narratur
668 1072 753 1128 Apollo
775 1071 881 1117 Euclioni
905 1075 935 1114 si·

143 1130 207 1172 miles
228 1131 347 1184 suppetias
365 1129 453 1172 tulisse.
482 1128 587 1182 Denique
607 1127 694 1184 duplex
716 1127 776 1171 illud
795 1141 883 1171 currere
901 1127 935 1170 lo·
1022 1164 1023 1171 ,

142 1200 190 1228 cum
210 1186 311 1228 affictum
332 1199 381 1228 esse
401 1189 480 1240 aperte
500 1188 618 1227 monstrat

196 1242 231 1292 ll,
248 1243 271 1291 b,
287 1245 307 1284 3.
337 1243 438 1284 Maxima
463 1241 528 1283 buius
551 1254 584 1283 vs.
604 1255 658 1295 pars
679 1243 742 1284 deest
765 1241 789 1282 in
812 1241 934 1290 codicibus,

142 1297 248 1353 suppleta
268 1312 280 1339 a
301 1298 437 1340 Camerario.

197 1353 244 1404 111,
260 1356 283 1405 1,
298 1357 319 1396 3.
343 1353 443 1396 Verbum
467 1351 588 1410 coquinare
613 1355 735 1408 corripitur
756 1355 779 1396 iu
798 1351 879 1396 Plauto
900 1355 934 1395 uti

142 1421 164 1452 ot
178 1411 282 1466 inquires,
298 1409 422 1454 destructae
442 1409 471 1452 al.
487 1410 523 1452 ci.
543 1410 627 1452 Pseud.
642 1415 662 1459 3,
678 1415 698 1459 2,
714 1415 747 1453 85.
762 1413 797 1452 64.
816 1410 852 1452 ubi
873 1411 933 1463 pari-

142 1475 176 1510 ter
195 1471 261 1519 atque
282 1467 317 1509 bie
332 1467 382 1509 cdd.
402 1481 479 1509 omnes
498 1466 619 1524 coperinore
638 1467 729 1516 babent,
747 1480 792 1508 non
810 1465 934 1522 coquitore,

142 1524 200 1577 quod
221 1523 319 1566 editores
339 1521 431 1566 voluere
450 1523 486 1566 bic
505 1524 650 1565 substituere.
680 1522 744 1570 ttuosl
764 1525 838 1563 eutem
858 1521 935 1578 roqui-

142 1594 183 1622 nus
202 1579 345 1634 producitur,
365 1578 422 1621 nibil
441 1581 544 1634 impedit.
815 1585 821 1592 ⁸

196 1635 243 1685 111,
261 1641 281 1677 2.
302 1635 387 1677 Versus
408 1640 500 1678 1-32,
524 1638 576 1677 suut
602 1633 706 1678 Saturnii
729 1633 894 1676 buiuscemodir
915 1649 934 1667 ν
1019 1662 1023 1677 .

144 1693 533 1744 *Lv-*Lv-lL-vk-
553 1691 628 1734 Versu
648 1695 682 1734 10.
701 1690 751 1743 lege
770 1692 895 1748 quamdet
914 1704 935 1732 v.
1020 1704 1022 1715 ¹

144 1753 175 1790 13.
195 1751 273 1791 ursurd.
288 1772 316 1782 -
341 1749 454 1790 Postremi
474 1749 517 1790 duo
536 1747 608 1790 troch.
626 1752 679 1791 tetr.

195 1804 240 1854 Ill,
256 1809 276 1854 1,
293 1807 312 1845 i.
333 1803 399 1855 Vulg.
426 1803 468 1850 itui
485 1809 537 1846 erut
555 1803 616 1846 ormi.

195 1859 242 1909 Ill,
258 1865 278 1903 5.
303 1859 410 1902 Fortasse
437 1861 508 1902 maior
531 1859 596 1902 huius
622 1873 702 1902 scenae
731 1873 785 1915 pars
807 1859 936 1914 supposita.

142 1919 208 1960 Certe
232 1917 361 1958 concinnior
384 1913 455 1957 multo
478 1919 539 1958 esset
563 1918 651 1970 poesis,
674 1917 693 1958 si
717 1920 770 1971 post
792 1929 880 1958 versum
899 1919 947 1957 21..

141 1975 216 2016 stetim
238 1977 371 2026 sequeretur
394 1985 415 2012 v.
430 1974 464 2014 63.
485 1973 567 2014 omissa
588 1974 632 2014 ista
656 1973 845 2026 exaggeratione,
869 1983 936 2024 quam

141 2044 190 2072 csse
211 2031 302 2071 serioris
326 2029 420 2076 aetatis,
443 2029 538 2080 genitivi
560 2027 595 2070 illi
620 2031 643 2071 iu
662 2030 678 2070 u
701 2027 770 2084 plene
793 2029 937 2082 pronuncieti

141 2100 192 2128 coar
222 2091 271 2128 unt.

193 2099 304 2193 11161).
323 2139 391 2194 Vulg.
410 2138 515 2190 lowest,
536 2146 558 2184 et
577 2140 611 2184 dii
621 2139 721 2198 fociant
733 2140 771 2184 uti
782 2139 831 2190 siet,
851 2141 936 2195 insper-

141 2199 201 2241 iecto
221 2211 295 2248 versu,
315 2211 380 2250 quem
398 2196 439 2238 elii
460 2195 527 2238 aliter
547 2196 650 2252 explent.
675 2197 737 2245 Quae
752 2196 890 2248 inclusimus,
906 2198 953 2238 ab1

140 2256 205 2296 nobis
225 2256 304 2296 addita
323 2259 382 2296 suut.

196 2311 308 2370 1v‚s,s.
327 2309 443 2353 Auonuelo
463 2313 575 2364 tamquam
592 2309 703 2352 Creticum
722 2311 878 2377 pronunciata

195 2366 237 2417 lV,
253 2371 286 2416 10,
303 2370 336 2410 61.
355 2365 424 2419 Vulg.
445 2365 513 2408 habet
531 2372 555 2409 et
578 2369 630 2408 ente
649 2367 761 2418 tenedus,
781 2367 839 2420 qued
858 2365 938 2410 omisi-

141 2437 189 2464 mus
209 2437 256 2464 cum
276 2422 390 2471 Goellero,

195 2477 224 2527 V,
241 2483 260 2520 1.
280 2478 353 2521 Scene
365 2479 501 2533 imperfecta
516 2482 557 2520 est.
581 2477 627 2521 Sed
645 2482 668 2521 et
687 2477 759 2530 buius,
778 2479 836 2532 quod
855 2481 938 2527 restat,

142 2533 230 2575 nonnisi
255 2535 322 2588 pauci
340 2548 418 2578 versus
438 2536 543 2577 videntur
566 2534 656 2586 genuini
676 2548 733 2578 esse.
763 2536 825 2583 Quae
845 2535 868 2576 iu
888 2537 938 2577 edi-

142 2589 241 2630 tionibus
261 2595 386 2643 sequuntur
404 2589 536 2645 Supposito,
556 2591 638 2633 desunt
656 2593 678 2633 in
696 2590 726 2632 V.
746 2591 771 2633 0.
792 2595 814 2633 ct
833 2591 939 2634 omuibus

142 2645 207 2684 bouis
226 2643 303 2695 libris;
324 2648 410 2688 adiecta
433 2652 485 2688 sunt
504 2647 577 2688 medio
593 2661 654 2696 aevo,
673 2661 739 2700 quum
761 2652 881 2700 agerentur
900 2647 938 2688 fa-

143 2698 208 2740 ¹ulae
232 2699 353 2743 Plautinae
377 2703 482 2744 exercitii
512 2715 579 2744 cause
603 2717 616 2745 a
640 2702 791 2748 scholasticis.
830 2704 887 2747 Vide
908 2706 939 2747 ad

174 2754 223 2808 npb.
237 2754 279 2806 lV,
294 2760 315 2808 2,
336 2758 372 2798 fin.
