2006 3022
159 239 191 281 lV
439 234 661 276 rnnarnato.

159 371 282 438 quatuor
300 361 445 416 volumina
463 359 539 415 sacta
558 367 631 416 sunt.
664 359 746 426 Quod
764 369 859 416 autem
872 379 947 416 sum-

157 464 235 502 munt
249 452 446 512 est‚accentas
459 441 613 518 rhythmici
629 443 743 520 ubique,
762 445 806 499 nti
820 447 877 500 iam
890 445 949 518 pri-
985 423 991 502 l

160 529 267 586 demin
286 521 424 582 Terentio
437 523 605 582 Bentleiano
620 526 739 596 lactum,
753 527 859 584 adiecti
872 537 948 597 sunt,

160 614 263 688 qnippe
294 627 350 686 quo
383 611 444 665 solo
473 608 638 665 adiumento
669 609 746 664 effici
780 618 890 684 potest,
918 619 950 666 ut

160 697 266 751 rectius
287 691 420 762 Plautus,
441 710 499 748 non
516 700 661 769 tamqnam
677 695 825 768 prosaicus
846 695 950 769 aliquis

160 780 299 853 scriptor,
323 775 373 832 sed
392 785 536 852 tamquam
559 795 644 834 veros
667 784 767 850 poeta,
790 775 951 852 rhythmice

160 864 280 940 legatur.

223 962 301 1028 Quae
320 979 367 1016 res
384 969 480 1016 tamen
493 961 628 1036 quoniam
640 958 711 1016 nihil
727 979 760 1016 eo
773 961 865 1037 magis
879 960 952 1016 bene

160 1046 315 1122 procedere
334 1053 442 1118 potest,
465 1045 523 1099 nisi
541 1043 698 1119 peculiaria
717 1043 854 1119 quaedam
867 1063 952 1118 prae-

161 1138 243 1204 cepta
261 1136 395 1184 accurate
414 1135 581 1196 teneantur,
607 1145 680 1203 quae
699 1136 784 1183 antea
806 1146 843 1183 ex
860 1130 952 1184 totius

160 1222 261 1287 poetae
275 1212 440 1288 cognitione
454 1219 483 1266 et
497 1211 736 1284 contemplatione
747 1210 951 1266 lueruntcolli-
983 1270 987 1275 ,

160 1295 264 1370 gendo,
276 1294 324 1349 hio
339 1312 450 1370 quoque
463 1311 507 1362 ea,
521 1311 605 1370 quam
619 1293 744 1349 breviter
757 1293 819 1350 fieri
834 1297 953 1368 poterit,

160 1379 333 1446 reseremus,
355 1395 391 1432 ne
410 1376 504 1432 desint
521 1377 638 1432 lecturis
657 1395 690 1434 eo
707 1377 865 1453 principia,
887 1379 953 1434 aine

160 1463 261 1537 quihus
281 1460 437 1536 perfectior
455 1458 588 1516 Plautina
607 1461 719 1516 scansio
744 1460 857 1518 institui
872 1463 953 1518 nulla

159 1546 273 1620 poterit.
300 1543 344 1600 Ea
358 1552 424 1600 sunt
437 1542 519 1600 haec:

223 1644 243 1700 l.
257 1643 361 1700 Hiatus
371 1643 476 1719 ubique
486 1643 652 1701 statuendus
663 1653 716 1715 est,
725 1645 785 1716 uhi,
800 1663 834 1700 eo
844 1644 953 1702 admis-

161 1748 203 1798 so,
219 1738 246 1784 et
261 1729 385 1783 lectione
399 1727 528 1783 codicum
541 1737 666 1798 servata,
684 1747 785 1784 versus
799 1730 954 1785 constabit.

221 1819 256 1875 ll.
280 1817 306 1873 ls
324 1828 417 1874 autem
433 1817 528 1876 hiatus
541 1821 570 1875 in
583 1821 726 1898 pictisque
740 1821 829 1892 locis,
847 1830 877 1877 ct
889 1822 953 1878 for-

159 1914 235 1960 tasse
248 1903 363 1978 ubique,
377 1904 508 1977 expletur
521 1904 605 1959 litera
619 1904 640 1959 d
654 1906 829 1980 paragogica
843 1905 954 1978 addita,

160 2006 232 2064 quae
245 1995 273 2042 et
286 1984 361 2042 haud
374 1987 473 2062 paucis
487 1987 559 2042 locis
572 1987 602 2041 in
617 1987 698 2042 libris
712 1987 823 2042 adiecta
841 1992 954 2064 reperi-

159 2084 214 2128 tur.
240 2067 348 2126 Eadem
362 2070 446 2125 litera
459 2071 479 2127 d
491 2068 651 2148 adiicienda
666 2078 719 2140 eat,
733 2070 905 2149 ubicumque
919 2075 952 2130 in

160 2173 186 2208 m
210 2153 371 2210 desinentia
387 2149 445 2208 non
463 2154 612 2208 elisionem
631 2154 779 2228 patiuntur
797 2165 826 2210 et
843 2157 952 2230 produ-

159 2247 273 2294 cuntur.
294 2235 346 2292 Sic
358 2234 458 2311 Amph.
473 2237 543 2311 prol.
554 2235 603 2292 54.
615 2237 671 2314 leg.
678 2234 821 2308 fociamd
834 2259 870 2296 eo
885 2249 952 2296 tra-

158 2321 275 2398 goedia,
289 2330 319 2375 at
332 2318 403 2376 ibid.
416 2338 458 2376 vs.
471 2321 522 2375 ult.
533 2319 667 2390 focera'd
678 2319 746 2376 hiet.
775 2320 826 2378 Sic
839 2322 903 2378 Aul.
918 2323 951 2395 3,
1000 2393 1002 2400 y

159 2404 188 2472 3,
204 2404 226 2458 l.
237 2406 367 2481 paoqnod
378 2421 429 2478 pro
443 2412 599 2481 quaquamst
608 2401 832 2474 Stich.4‚2‚26.
843 2410 954 2482 panmd

159 2485 346 2560 efflislentar.
374 2484 437 2543 Ces.
452 2487 483 2556 3,
500 2485 814 2556 1‚1.amtctd.Bacch.
832 2491 859 2558 Ι,
877 2491 904 2552 Ι,
923 2492 950 2546 l.

162 2569 241 2638 Quid
253 2571 300 2626 sid
312 2568 364 2626 hoc
374 2572 454 2646 potis
469 2569 531 2628 eati
551 2580 579 2626 et
592 2590 634 2627 vs.
653 2571 697 2625 12.
727 2568 801 2628 Nom
815 2571 887 2628 lianc
901 2577 952 2632 aid

164 2651 266 2709 labent
282 2661 334 2708 etc.
350 2662 434 2730 atque
449 2655 491 2709 sie
505 2655 662 2710 innumeris
675 2655 754 2710 locis.

220 2733 270 2792 lll.
285 2755 311 2792 m
327 2737 356 2792 in
372 2737 427 2794 line
440 2757 534 2814 saepe,
544 2748 576 2794 ut
590 2737 672 2794 modo
683 2738 819 2812 diximus,
829 2756 885 2796 non
896 2739 950 2796 eli-
