2006 3022
104 167 105 170 ¹
197 169 229 222 5⁰
451 175 683 221 noil’fflruuo.

195 297 277 347 simul
287 279 464 360 Alcumenae,
481 297 561 364 quim
577 297 620 348 vir
633 293 768 348 insontem
783 295 879 362 probri

140 379 165 423 1ο
193 369 355 440 Amphitruo
368 379 491 436 accusat,
503 372 577 436 veni,
593 377 624 422 ut
634 365 766 422 auxilium
777 369 876 422 ierom:

193 462 255 497 nam
267 445 328 498 me'a
338 447 375 497 sit
385 447 479 514 culpa,
496 447 568 513 quod
580 453 689 514 egomet
703 444 896 508 contraxerim,

191 519 221 572 id
236 505 403 594 Aicpmenae
417 523 442 570 si
456 521 596 573 innocenti
610 520 728 588 expetat.

193 593 271 646 Nunc
281 594 507 662 Amphitruonem
518 594 629 659 memet,
644 601 675 646 ut
685 593 780 662 occepi
794 593 886 657 semei,

192 687 251 723 esse
266 670 451 734 idsinmiabo,
473 670 554 738 itque
568 671 597 721 in
612 669 708 744 horpm
722 668 856 720 familiam

138 754 163 796 15
191 745 396 798 fmstritionem
412 744 493 796 hodie
508 746 630 796 iniiciam
652 745 820 806 maxumam

191 827 255 888 post
267 821 350 894 igitru
361 821 466 871 demum
477 819 591 885 faciam,
606 836 650 872 res
660 820 709 870 nat
718 819 819 886 palam,

192 903 274 963 atque
283 895 450 947 Alcumenae
462 896 490 946 in
505 895 627 964 te'mpore
642 887 775 946 auxilir'rm
789 893 888 958 ieram,

191 969 359 1039 faciamque,
379 977 411 1021 ut
430 987 485 1023 uno
506 969 596 1035 foetu,
617 977 645 1022 et
664 969 737 1037 (prod
757 967 875 1036 gravida
894 966 937 1020 ist

354 1061 424 1110 vrro,

193 1118 272 1172 etme
283 1120 357 1188 quod
372 1120 487 1188 gravida
497 1127 551 1185 est,
567 1119 658 1188 piriat
668 1121 726 1171 sine
742 1116 897 1171 doloribus.

138 1203 164 1247 20
192 1190 358 1246 Mercurium
373 1197 442 1246 iussi
458 1195 499 1248 me
518 1197 648 1248 continuo
665 1194 803 1263 consequi,

193 1269 293 1339 siquid
304 1269 400 1322 vellem
411 1271 554 1339 imperare.
580 1271 659 1324 Nunc
669 1270 739 1322 hanc
750 1268 899 1340 (adloquar.

462 1446 661 1469 Q

339 1615 482 1662 ACTUS
506 1617 549 1661 ΙΙΙ.
594 1613 735 1662 SCENA
757 1615 788 1660 11.

361 1745 573 1789 iucundus.
602 1744 765 1789 IUPITER.

194 1887 243 1928 AL.
263 1872 370 1926 Durine
380 1889 485 1941 nequeo
496 1875 525 1924 in
537 1871 663 1925 ae'dibusz
683 1874 723 1924 ita
733 1873 776 1926 md
791 1875 901 1942 probri,

195 1949 295 2017 stupri,
307 1950 449 2001 dedecoris
460 1948 547 2000 iviro
558 1948 683 2017 argutiam
694 1948 769 2000 meo!

193 2025 249 2090 Ea,
265 2023 335 2094 quad
350 2023 513 2088 sustracto,
528 2023 629 2075 iniecta
643 2040 703 2076 esse
714 2023 890 2089 occlamitat3

117 2103 118 2108 ’
195 2115 265 2167 quae
278 2097 365 2169 ne'que
376 2099 536 2166 contincta,
554 2098 641 2168 neque
657 2115 707 2168 ego
722 2099 752 2150 in
766 2115 809 2172 me
824 2101 940 2167 admisi,

358 2173 461 2242 irguit3

195 2255 277 2317 atque
286 2249 314 2301 id
325 2265 367 2301 me
378 2248 576 2319 susquedeque
587 2266 645 2302 esse
655 2247 811 2301 habiturim
826 2258 921 2318 putat.

193 2323 289 2393 Neque
299 2323 397 2392 edepol
406 2323 520 2390 faciam,
535 2323 622 2393 neque
633 2341 675 2377 me
689 2324 828 2394 perpetidr
838 2327 939 2392 probri

193 2397 267 2451 falso
278 2399 476 2464 insimulatam,
491 2399 556 2470 quin
567 2415 618 2468 ego
632 2399 709 2452 illum
721 2406 769 2450 aut
781 2399 922 2467 de'seram,

194 2480 243 2524 aut
252 2473 407 2526 sitisiaciat
416 2473 496 2539 mihi,
513 2474 594 2543 atque
605 2475 713 2526 adiuret
722 2475 843 2542 insuper,

192 2547 268 2600 nolle
277 2548 337 2600 esse
348 2549 435 2613 dieta,
452 2550 558 2618 quaein
570 2565 613 2601 me
622 2549 758 2601 insontem
769 2549 904 2617 protulit!

140 2630 166 2674 1⁰
195 2636 234 2675 ιυ.
254 2617 423 2674 Faciundum
436 2631 477 2675 est
487 2625 524 2674 mi
538 2623 621 2688 illud,
632 2624 694 2676 fieri
706 2624 780 2693 quod
794 2625 883 2680 illaec
894 2627 942 2696 pd-
978 2619 979 2626 ¹

358 2698 450 2763 struat,
977 2705 979 2720 i
