2084 3028
294 439 638 487 subintulimus.

105 710 284 755 Phsnostrutem
295 709 425 765 Sicyonium
440 713 555 754 emoverat
569 708 624 753 olim
634 713 746 754 mercetur
756 709 864 753 Lemnius

12 823 14 834 .
61 785 188 842 Demipho.
222 784 257 829 En
276 788 401 842 pepererat
415 783 529 840 puellum,
544 797 612 839 quem
625 782 786 840 exponendum
802 782 867 825 dedit

12 843 17 910 l
59 874 129 904 servo
140 873 180 902 suo
191 859 353 915 hempsstisco.
384 857 517 902 Sustuleret
529 856 713 914 henepuellsm‚
725 856 865 912 inspiciente

58 934 227 988 Lampadium,
251 931 304 975 leun
319 932 441 987 quendem,
460 930 632 986 Melseniclique
647 931 733 974 rmieer
748 930 807 973 dono
827 929 867 972 de·

60 1008 135 1057 deret,
145 1007 207 1062 epuut
217 1019 284 1061 quem
294 1020 322 1050 es
331 1006 372 1050 snb
383 1006 475 1048 nomine
485 1001 569 1047 Sileuii
578 1004 661 1047 educte
671 1008 714 1048 est
733 1002 791 1047 Esm
801 1001 867 1060 purl-

60 1080 108 1124 lem
120 1084 182 1124 emet
192 1079 377 1129 Alcesimsrehus
386 1078 509 1134 Sicyonium
519 1081 543 1122 et
551 1077 622 1122 hebet
631 1077 692 1134 spui
702 1091 728 1122 se
739 1077 807 1120 sionni.

105 1154 199 1198 Interim
210 1153 332 1210 Demipho,
342 1167 417 1197 uxore
426 1157 522 1203 mortue,
538 1152 600 1195 uincit
609 1151 788 1196 Phsnostrrtem
798 1154 821 1193 et
831 1163 868 1192 res

62 1239 118 1270 sues
132 1224 254 1280 Sicyonem
269 1226 388 1270 treusfert.
416 1225 477 1280 Ergo
493 1229 605 1280 quaerunt
618 1223 689 1269 iilissu
705 1223 759 1268 olim
773 1225 869 1278 esposi-

62 1306 119 1344 tnm.
146 1299 262 1356 Demipho
272 1304 347 1342 sutem
357 1313 388 1342 ex
398 1299 474 1355 priore
484 1312 558 1342 uxore
568 1303 701 1355 surreperet
710 1297 781 1342 elium
791 1296 869 1346 tilium,

64 1387 132 1430 quem
151 1371 317 1416 Alcesimsrchi
340 1375 407 1428 peter
429 1385 524 1416 uxorem
543 1371 715 1416 Alcesimarcho
739 1371 870 1414 destinavit.

65 1449 141 1497 Quare
156 1443 270 1489 Melaenis
284 1443 378 1488 tiliolum
396 1457 460 1487 suem
474 1445 503 1486 eb
518 1443 690 1488 Alcesimarcho
704 1444 806 1488 sbtncit.
836 1442 871 1486 Eo

64 1523 117 1577 ipso
132 1527 237 1576 tempore
252 1532 332 1562 servus
342 1517 513 1566 Phsnostrntse
523 1516 649 1572 Lempsulio
659 1518 749 1562 invenit
757 1515 832 1560 lenum
842 1515 871 1558 il·

65 1594 125 1646 lem,
139 1607 198 1650 quee
208 1590 319 1636 Silenium
329 1591 460 1646 expositum
471 1589 608 1642 sustulerst,
623 1604 654 1634 ex
670 1603 742 1645 reque
753 1590 871 1645 comperit,

67 1666 181 1712 Sileniuns
191 1680 243 1710 esse
253 1665 315 1722 spurt
322 1662 484 1708 blelneuidem.
499 1664 721 1719 Quodquumnnrret
730 1662 799 1708 berse
810 1675 872 1714 sune,

67 1740 181 1787 Melsenis
190 1753 266 1797 prope
277 1744 353 1790 stens,
368 1752 392 1782 re
404 1742 527 1794 comperte,
542 1735 661 1781 consilinm
672 1738 746 1793 cepit.
761 1735 872 1781 Silensium
959 1741 961 1746 '

67 1816 116 1858 suis
125 1815 261 1871 perentibus
271 1818 354 1870 sponte
364 1810 508 1856 redhibendi.
537 1807 584 1854 seu
595 1809 648 1854 sium
657 1811 681 1855 iul
691 1811 787 1866 exsequi
798 1816 872 1867 peret,

65 1887 252 1932 Alcesimerchus
266 1885 379 1932 Sileniusn
397 1887 420 1930 vi
435 1885 524 1930 domum
538 1899 603 1930 sussn
617 1885 713 1942 obripit.
739 1883 804 1930 luter
823 1899 872 1929 enm

66 1962 157 2006 turbem
171 1960 257 2006 ancille
267 1959 362 2005 llelisce
376 1959 485 2004 miseret
497 1960 521 2002 iu
536 1957 615 2017 plstes
631 1957 744 2004 cistellam
758 1973 807 2003 cum
823 1972 873 2002 crc-

66 2035 162 2094 pnruliis
173 2033 263 2086 silenti,
274 2035 407 2092 quibuscum
417 2032 459 2078 ille
470 2035 579 2084 exposite
589 2034 672 2078 fueret.
691 2032 748 2077 Eum
759 2031 871 2076 cistellam

65 2109 187 2154 inveniunt
195 2107 351 2152 Phanostrntn
361 2114 385 2152 et
394 2109 566 2165 Lsmpsuliscus.
585 2107 740 2164 Alloquuntur
749 2104 873 2155 Heliscum,

66 2183 212 2238 comperiunt
222 2194 254 2230 ex
264 2194 303 2235 es,
319 2183 357 2226 nbi
369 2183 400 2226 sit
410 2181 532 2233 Silenum,
547 2183 674 2233 introeunt,
689 2184 714 2225 et
722 2179 792 2223 filium
803 2191 872 2234 cguo-
899 2165 901 2170 ¹

65 2260 140 2303 scunt.

354 2327 428 2376 Scene
437 2334 473 2375 est
482 2329 585 2384 Sicyone.

370 2571 574 2606 ..napo-—
