1982 3022
215 213 265 270 186
472 214 701 264 BACCHlDES.

163 355 188 398 tu
218 359 299 414 quom
312 339 448 410 extemplo
463 356 480 391 a
494 347 577 408 portu
587 339 626 390 ire
640 353 763 390 noscunt
780 335 951 404 ausitidem,

218 412 374 472 subducunt
389 416 507 468 lembum
518 413 868 482 cipitihusuquassiutihus.

218 494 277 548 Nos
289 492 362 560 ipud
372 490 548 543 Theotimum
559 505 638 542 omne
654 484 750 564 eurum
766 490 953 557 deposivimus,

221 570 269 638 qui
278 568 337 620 illie
347 566 477 618 sacerdos
491 564 534 618 est
546 566 575 616 in
586 565 693 616 Dianae
703 563 848 631 Ephesiae.

219 659 261 698 Νι.
276 644 330 705 Qui
340 641 404 693 istic
414 639 603 693 Theotimustt
623 653 670 692 cn„
684 637 865 707 Megalobyzi
876 640 956 704 iilius,

167 731 192 774 ιι
221 720 269 787 qui
278 711 351 770 nimo
360 718 389 768 iu
399 714 508 784 Epheso
520 721 561 766 est
571 699 699 782 Ephesiis
713 714 888 767 carissumus.

219 809 261 848 Νι.
281 793 340 844 Nae
350 793 398 843 ille
408 789 499 843 hercle
512 789 580 841 mihi
589 791 627 842 sit
636 783 722 842 multo
733 796 813 842 tanto
825 789 925 856 carior,

221 871 246 920 si
260 884 302 920 me
318 867 384 919 illoc
397 882 465 918 auro
481 865 557 916 teuto
573 858 799 916 circumduxerit!

200 933 267 1010 [ἓιι.
289 943 362 1004 Quin
375 941 437 1009 ipsa
446 942 476 992 iu
491 941 559 992 aede
568 940 672 992 Dianai
683 938 823 992 conditum
834 947 891 1003 est3

219 1015 322 1071 ibidem
337 1016 486 1084 publicitus
499 1013 618 1067 servant.
655 1030 698 1068 Νι.
719 1014 862 1067 Occidisti·
874 1014 929 1068 me!

168 1103 193 1148 8⁰
221 1094 306 1144 nimio
317 1090 363 1144 hio
376 1092 503 1159 privatim
518 1089 673 1142 servaretur
687 1087 799 1142 rectius.

223 1167 276 1220 seu
285 1166 335 1218 vhe
349 1167 423 1218 nilue
438 1165 570 1218 athrlistis
584 1165 648 1218 inde
663 1164 724 1216 auri
743 1165 876 1216 domum?

223 1257 268 1295 cu,
283 1243 341 1294 lmo
351 1239 444 1293 etiem.
464 1239 711 1309 Verumquitutum
722 1239 859 1306 attulerit,
865 1241 962 1294 nescio.

222 1333 263 1371 Νι.
285 1314 374 1378 euim
393 1314 499 1368 nesciet
533 1329 579 1366 cn.
602 1315 674 1376 Quia
684 1314 878 1368 Mnesilochus
889 1324 963 1369 noctu

387 1389 540 1442 clanculum

25 1417 56 1534 h
157 1503 159 1508 .
225 1465 333 1520 deve'nit
353 1466 388 1517 ad
404 1464 591 1529 Theotimum,
612 1481 662 1516 nec
677 1462 745 1518 mihi
764 1463 883 1519 ere'dere

171 1553 196 1596 85
223 1559 275 1595 nec
285 1541 433 1610 quoiquam
444 1541 473 1592 in
482 1541 547 1592 navi
560 1540 660 1592 voluit:
680 1556 714 1591 eo
725 1555 777 1608 ego
789 1538 899 1606 nescio,

119 1614 124 1623 ’
226 1618 387 1687 quantillum
412 1615 548 1678 attulerim
581 1615 676 1668 verum
699 1613 775 1666 haud
804 1618 964 1684 pernuiltuu

391 1691 492 1743 attulit.

224 1783 267 1823 Νι.
277 1767 368 1819 Etiam
378 1767 522 1819 dimidium
532 1760 641 1819 censeri
661 1778 707 1818 cu
717 1764 891 1836 Nouedephl
902 1768 966 1821 seinz

225 1859 318 1896 verum
330 1837 404 1894 heird
415 1843 524 1910 opinor.
552 1856 595 1895 Νι
614 1839 714 1892 Fertne
724 1847 835 1908 partem
846 1840 965 1894 tertiam!

226 1932 273 1971 cu.
292 1918 356 1971 Nou
366 1916 457 1970 hercle
467 1917 581 1986 opinor3
600 1914 921 1970 ve'rumverumnescio.

172 2003 198 2047 eo
226 1993 356 2046 Proiecto
367 1994 401 2046 de
412 2009 479 2046 errro
490 1993 530 2044 nil
543 1993 614 2056 scio,
630 1991 686 2043 nisi
698 1989 806 2044 nescio.

227 2069 306 2123 Nunc
324 2069 432 2122 tibimet
444 2069 512 2120 illuc
525 2067 590 2119 nivi
610 2065 776 2134 capiundum
790 2065 837 2120 est
855 2069 923 2132 iter,

227 2152 258 2196 ut
271 2139 341 2196 illiul
356 2150 479 2212 reportes
494 2136 590 2195 airum
606 2143 640 2194 eb
652 2140 801 2194 Theotimo
814 2143 942 2214 domum.

227 2222 314 2288 Atque
334 2213 401 2272 heirs
419 2218 463 2270 tu!
509 2233 551 2271 Νι.
577 2216 650 2280 Quid
672 2215 730 2268 visi
778 2230 829 2270 cu
857 2218 971 2272 Anulus

391 2295 468 2362 gnati
485 2294 528 2345 tui

228 2370 314 2422 facito
324 2363 356 2422 irt
365 2370 520 2422 memineris
530 2365 609 2420 ferre.
638 2381 681 2420 Νι.
693 2365 766 2427 Quid
780 2377 873 2436 opust
884 2363 973 2422 inuio!

175 2451 200 2494 ⁹5
229 2457 276 2495 cu.
297 2444 370 2504 Quia
379 2445 408 2495 id
422 2445 528 2512 signum
539 2449 581 2494 est
598 2454 659 2493 eum
669 2437 837 2494 Theotimo:
863 2447 915 2514 qui
925 2457 977 2497 eun

393 2519 436 2569 ilii
456 2517 560 2582 offeret,

230 2584 502 2644 eiairmmutreddat.
522 2607 564 2644 Νι.
575 2590 737 2657 Me'nrinem,
753 2593 872 2648 streete
882 2612 929 2649 mo

229 2663 283 2716 seu
291 2664 520 2718 istio'l'heotimus
527 2666 636 2718 divesne
645 2665 703 2718 esti
723 2681 773 2720 011.
784 2669 910 2726 Etiiurr

268 2737 374 2790 iecoris
388 2737 489 2792 habeat
500 2735 568 2794 auro
579 2734 743 2810 suppactirm
753 2591 979 2990 solunj
