2084 3028
330 179 386 226 nu
410 175 639 229 noceamus,
839 172 887 229 295

295 357 355 402 AD
386 357 680 404 Baccfllnsss.

148 475 211 523 Quae
233 475 259 518 in
283 477 333 518 add.
353 473 385 518 eb'
405 477 471 518 lultlo
494 476 601 530 leguntur
625 476 756 532 supposita,
780 477 802 518 in
827 473 890 517 nullo

96 535 239 588 reperiuntur
258 533 345 581 codice,
365 537 388 574 et
407 533 536 576 abiicienda
555 533 656 582 fuerunt,
677 534 736 574 sicut
754 531 821 574 illata
840 535 892 573 eunt

9 589 165 631 Inedia
185 601 241 630 aevo
263 601 277 629 a
296 588 362 630 melis
386 591 470 642 poetis.
500 589 559 632 Vide
579 601 636 644 qnae
660 589 726 630 modo
750 600 820 642 supra
844 589 892 629 oni·

96 644 253 686 metues-timus
272 645 302 688 ad
320 643 398 687 aulul.
418 644 446 694 V,
462 650 481 688 1.

149 699 208 750 1,1.
233 700 280 742 Sesl
299 705 322 743 et
345 700 401 742 baec
420 715 487 743 scene
509 715 554 744 non
578 715 592 742 a
611 699 694 742 Plauto
715 699 826 756 profecte,
851 699 891 742 sed

97 757 167 798 serlus
186 757 275 799 adiecto
293 756 396 805 videtur,
419 765 463 810 quo
482 758 608 800 Bacchides
631 771 676 800 non
695 758 719 798 ln
742 757 786 798 fine
805 760 891 798 tantum

97 814 135 855 sesl
150 818 174 855 et
188 814 216 854 eb
232 813 297 867 initio
317 812 410 854 fabulae
428 815 451 854 ln
466 827 533 856 scena
549 818 711 868 comparerent.
735 815 819 854 Drama
833 814 892 853 enim

96 870 214 922 genuinum
233 879 247 908 a
263 870 362 912 secunda
381 870 469 911 demum
484 881 552 912 scena
570 883 676 911 exorsum
690 882 739 910 esse
760 869 855 910 videtur.
865 890 894 900 -

96 939 115 966 v.
127 929 145 967 1.
163 923 190 974 εἰ,
205 927 232 966 ut
250 925 342 974 centies.
358 930 381 968 et
394 931 420 968 ut
438 939 459 967 v.
475 929 509 976 12,
529 924 578 980 (ef.
594 930 617 967 et
631 923 674 973 lll,
689 929 709 974 3,
725 925 771 978 29.)
792 937 836 966 non
850 921 893 965 ell-

96 981 199 1023 deuslnm.
224 982 335 1023 nouimus
350 986 424 1024 autem
442 981 543 1024 codicum
562 980 690 1024 lectionem.
704 1003 734 1014 —
751 994 773 1022 v.
789 984 821 1022 l'l.
842 981 894 1030 ulos

96 1037 225 1079 ssldltieiom
244 1037 347 1087 videtum
371 1051 415 1090 qno
435 1039 518 1080 omisso
538 1044 561 1080 et
584 1051 656 1092 sequa
676 1039 747 1080 bonus
766 1049 846 1078 sensns
870 1040 894 1078 et

95 1092 173 1136 melios
192 1097 272 1136 sessus
291 1099 394 1147 apparet.
408 1117 437 1128 -
459 1109 481 1137 v.
496 1098 522 1136 ³1
551 1093 743 1148 interloquentem
766 1092 813 1135 feei
832 1105 894 1134 soro·

95 1163 150 1192 rem.
162 1171 191 1182 -
214 1163 235 1191 v.
250 1153 285 1192 32.
305 1149 344 1193 Sic
362 1148 430 1203 vulg,
450 1152 495 1194 nisi
514 1152 586 1204 quod»
603 1150 701 1206 rogitas.
716 1173 745 1183 -
763 1162 783 1190 v.
795 1151 894 1192 64—66.

96 1206 246 1248 Personarum
264 1205 356 1248 nomina
376 1208 517 1250 mutavimus.

150 1261 174 1311 1,
189 1265 214 1310 2,
230 1265 263 1304 1³.
282 1262 344 1305 Dedi
366 1261 419 1305 leot.
437 1269 493 1306 vett.
517 1269 541 1306 et
563 1262 624 1306 Pell.
638 1286 667 1296 -
689 1276 711 1305 v.
726 1267 761 1306 31.
782 1259 851 1314 Vulg.
872 1265 896 1303 et

96 1319 146 1362 eslsl.
164 1315 323 1362 Praesentibus
346 1317 393 1361 s'lle's
413 1323 566 1385 paedagogus
587 1334 635 1361 mm
655 1325 682 1362 at
702 1319 753 1362 ss'et.
786 1319 822 1362 lla
842 1331 896 1360 con-

96 1372 221 1416 structione
240 1381 362 1431 praesente
381 1373 428 1418 s'llss
446 1389 467 1418 v.
487 1377 571 1418 Donat.
591 1377 619 1418 ed
640 1375 694 1417 Ter.
710 1373 768 1417 Eun.
783 1373 825 1426 IV,
840 1377 860 1424 3,
874 1377 895 1418 1.

99 1430 135 1472 cf.
154 1429 237 1485 Amph.
252 1429 283 1481 11,
298 1435 319 1481 2,
334 1435 384 1474 202.
399 1453 428 1465 -

151 1485 182 1537 ll,
198 1493 218 1538 2,
235 1491 269 1531 11.
282 1501 363 1544 nempe
382 1486 569 1542 monosyllabum.
579 1511 607 1521 —
625 1502 645 1529 v.
657 1491 691 1530 21.
727 1500 845 1530 romonae.
857 1485 895 1529 Cf.

95 1541 188 1642 Millb,t
196 1547 218 1594 3,
232 1547 292 1586 2-
309 1557 330 1587 v.
345 1548 380 1588 52.
402 1543 524 1602 Philippos
543 1544 609 1601 quasi
625 1556 669 1586 nne
684 1500 772 1597 syllaba
788 1543 825 1586 bie
843 1556 896 1600 pm·

96 1611 209 1642 nnncsao.

151 1654 183 1712 Π,
198 1659 219 1706 3,
234 1660 269 1700 21.
287 1655 357 1700 Luna
374 1657 399 1699 ln
418 1657 463 1700 fine
482 1657 635 1712 producenda,
650 1655 691 1699 nti
709 1655 770 1698 band
788 1667 841 1698 raro
856 1669 897 1696 no-

95 1711 219 1755 minativus
239 1713 336 1768 primes.
354 1736 383 1748 -
407 1727 428 1757 v.
443 1715 478 1758 bb.
496 1712 532 1756 ses'
549 1718 621 1756 totum
640 1712 789 1755 alietatum·
813 1711 845 1754 Et
864 1713 897 1753 sie

95 1781 120 1811 eo
139 1782 161 1811 v.
176 1771 211 1812 61.

152 1822 195 1876 111,
210 1829 231 1876 2,
246 1829 267 1869 t.
287 1823 334 1870 Sed
350 1839 395 1870 ece.
414 1839 435 1870 u.
455 1824 501 1869 isse.
525 1824 564 1869 Sle
583 1826 641 1876 eslsl,
660 1839 702 1880 pro
723 1825 805 1880 quibus
820 1825 897 1867 Meur-

96 1883 144 1924 sius
163 1894 176 1924 e
196 1881 254 1926 soni.
279 1881 326 1926 Sed
341 1895 437 1941 aemon
454 1889 500 1933 est,
520 1881 547 1926 ἑά
564 1881 586 1926 ei
604 1885 702 1926 reddere.
732 1880 818 1924 Verum
831 1879 897 1924 loeus

93 1935 199 1986 inclusus
217 1938 290 1981 omnis
308 1938 358 1982 sine
381 1939 450 1982 ‹lnblo
470 1941 612 1996 suppositus.

151 1992 201 2043 111,
220 1999 244 2045 4,
263 1999 372 2038 22-21.
391 1996 474 2046 Patet,
497 1995 538 2038 hos
561 2009 641 2038 versus
659 2010 704 2038 non
722 2007 768 2037 uns
792 2008 841 2038 eum
862 2007 897 2035 vv.

94 2053 204 2094 11-16.
223 2051 301 2094 eeslam
321 2065 389 2096 scena
412 2051 504 2095 admitti
522 2066 602 2108 posse,
627 2052 729 2106 quamvis
750 2052 776 2094 in
795 2051 898 2094 omnibus

9 2131 11 2182 ἰ
93 2106 164 2150 libris
182 2105 293 2160 legentur.
321 2109 382 2162 Ergo
402 2108 536 2151 seclusimus
555 2123 604 2152 cum
623 2109 715 2152 Botlslo.

151 2161 198 2214 lv,
213 2167 238 2214 b,
253 2168 288 2208 50.
307 2163 376 2218 Volg.
400 2163 431 2208 1o
446 2179 527 2207 mamm
551 2167 633 2208 omisso
657 2179 703 2214 me,
729 2164 789 2220 qnotl
808 2162 899 2206 eatinis

93 2218 200 2262 Botlslus.
214 2243 243 2254 -
265 2233 287 2263 v.
301 2224 335 2265 59.
355 2219 462 2277 sefacess's
486 2235 516 2263 ex
536 2223 623 2264 emend.
643 2222 728 2264 Mense.
757 2221 816 2267 Nem
835 2217 897 2271 vulg.
961 2274 966 2282 .

92 2275 153 2320 baec
165 2275 262 2376 Ceteris.

152 2332 165 2375 1
188 2337 231 2384 ,b,
247 2338 281 2378 12.
304 2331 374 2386 Vulg.
393 2333 441 2376 s‘ssm
460 2341 512 2376 ante
534 2339 591 2378 bats.

151 2389 194 2440 lv,
210 2393 231 2439 ’1,
246 2393 280 2432 80.
298 2391 449 2434 Restituimue
468 2389 527 2442 vulg.
545 2389 624 2433 etiem.

152 2445 281 2497 lv,a,1³.
300 2445 375 2490 Sinon
394 2446 492 2488 relictus.
519 2445 597 2488 Ellam
617 2459 647 2488 ex
663 2444 724 2499 uulg.
749 2442 809 2488 Nem
829 2457 898 2500 saepe

91 2512 179 2552 senon,
199 2501 302 2546 eesillmn
321 2507 345 2544 et
368 2501 454 2544 similia
472 2503 500 2544 sle
519 2501 659 2544 absentibus.
673 2525 702 2535 —
725 2517 746 2545 v.
761 2506 795 2545 25.
819 2501 899 2544 itidem

91 2559 162 2601 addit
185 2557 258 2612 vulgo
283 2563 349 2612 atque
371 2557 420 2602 s'lls'e
443 2555 631 2610 monosyllabum.
650 2581 680 2591 -
694 2573 723 2614 ¹v.
739 2563 774 2602 50.
797 2557 899 2616 eqsts'dem

91 2615 160 2656 enuit
179 2613 240 2668 vulg.
260 2619 327 2669 etque
346 2615 439 2657 verbum
459 2627 513 2655 stne
532 2613 720 2670 quadringentos,
738 2616 774 2658 uti
786 2613 816 2664 V,
831 2618 852 2664 2,
863 2617 898 2664 68,

89 2670 117 2712 in
139 2671 183 2713 bae
205 2670 286 2713 fabula
303 2671 395 2714 videtur
418 2671 482 2724 quasi
506 2669 650 2723 trisyllabum
673 2683 723 2714 esse
746 2671 899 2726 pronuncien-

91 2727 155 2770 aum.
170 2749 200 2760 ·-
223 2741 243 2769 v.
259 2730 367 2770 65-13.
392 2725 425 2768 Ηὶ
444 2739 525 2769 sessus
545 2727 590 2782 etsi
610 2727 635 2768 in
659 2729 762 2772 omnibus
784 2727 897 2781 legantur,
