2098 3016
223 133 273 184 238
490 134 702 181 PROLOGUS.

223 255 374 325 Postquam
385 257 552 325 belligerant
560 256 653 310 detali
664 273 723 309 cum
734 238 818 310 dbis:

168 341 194 386 25
224 332 436 396 utfitinbellc,
453 331 739 399 ci'pituralteriilins.

222 401 349 459 llledicr'rs
360 405 525 458 Menarchus
533 405 603 458 e'mit
612 407 715 458 ibidem
724 409 756 479 in
766 388 857 460 illice.

224 483 322 551 Coepit
333 483 457 550 captivos
469 480 648 534 cdmmercari
658 481 704 533 hic
713 483 803 544 Alios,

223 559 245 608 si
258 556 337 625 quem
349 557 469 624 reperire
479 555 587 623 pdsset,
604 557 651 623 qui
662 555 749 608 mutc't
759 573 839 609 suom

221 627 300 684 illium
315 632 463 697 captiv0m3
480 624 641 682 huncarium
653 632 822 694 essenescit‚
838 633 886 700 qui
897 633 973 686 douai
1023 655 1025 710 i

387 712 437 756 est.
807 755 815 764 ,
1023 713 1025 746 l

170 789 195 833 ³⁰
224 781 259 832 Et
270 780 400 850 queniam
412 779 545 832 heriinde
557 779 663 831 audivit
673 780 707 831 de
718 779 824 832 suaruud
836 781 899 854 loce

224 854 384 924 summeque
395 870 493 922 genere
505 853 613 922 criptum
626 870 686 906 esre
696 858 817 922 equitem
826 855 931 921 Alimn,
1024 869 1025 872 ’

223 929 291 982 nihil
304 929 392 996 pre'tio
405 931 504 999 parsit,
519 929 580 980 filie
593 930 658 980 dum
668 929 804 996 pircerct:

222 1005 402 1057 recduciliare
413 1012 443 1055 ut
452 1004 563 1056 licilius
574 1001 670 1074 posset
680 1005 800 1070 denium,

222 1082 288 1132 eririt
299 1079 380 1131 hdsce
392 1080 428 1150 de¹
435 1080 539 1146 praeda
550 1079 631 1130 dmbo
643 1079 677 1132 de
689 1079 890 1148 quaesteribns.

169 1164 194 1207 ³5
223 1155 294 1206 Hice
306 1149 396 1206 alitem
407 1155 479 1206 inter
490 1171 549 1207 sese
560 1148 633 1206 hunc
644 1153 835 1206 conduxerunt
846 1155 952 1220 dolrrm,

223 1246 278 1297 quo
294 1229 375 1298 picto
391 1228 436 1280 hic
450 1245 546 1281 servos
566 1223 646 1281 crium
667 1227 761 1281 herum
781 1226 846 1280 hinc
861 1231 975 1282 eusittat

387 1303 508 1356 donnum.

221 1380 318 1447 ltaque
329 1379 399 1430 iuter
409 1395 438 1431 se
450 1371 620 1431 commritant
629 1386 731 1432 vestem
742 1384 770 1430 et
778 1376 905 1442 aduniat,

223 1454 283 1506 illic
291 1461 408 1506 vocatur
418 1452 603 1518 Philocrates,
620 1455 664 1504 iric
675 1449 836 1520 Tyndarus:

223 1528 304 1582 huius
315 1529 381 1592 illic,
393 1527 438 1580 bic
447 1529 524 1580 illius
536 1527 617 1580 bddie
627 1526 682 1580 fert
691 1528 847 1596 imdginem.

168 1609 194 1657 lo
223 1603 258 1656 Et
268 1601 313 1655 hic
323 1602 405 1654 liiidie
415 1603 542 1671 expediet
552 1600 622 1656 hdnc
633 1603 713 1655 docte
723 1601 863 1655 iulideiam

224 1686 251 1730 et
266 1673 344 1730 sirum
360 1677 454 1729 berum
468 1677 554 1730 faciet
568 1677 706 1730 libertatis
721 1677 886 1747 cdurpotem,

224 1753 375 1822 eodemque
385 1759 467 1821 pacto
478 1751 591 1804 fratrem
602 1752 722 1805 servabit
731 1769 820 1817 suem,

223 1826 405 1896 reducemque
416 1827 500 1880 faciet
510 1827 625 1880 liberum
636 1829 664 1878 in
675 1828 793 1896 patriam
805 1825 840 1878 dd
852 1835 960 1896 patrum

223 1897 395 1970 imprudens,
409 1903 505 1954 itidem
516 1908 547 1954 ut
556 1901 639 1970 saepe
649 1903 704 1954 iam
715 1903 744 1954 in
755 1903 847 1954 multis
858 1903 933 1956 locis

169 1985 195 2032 li
223 1978 473 2048 plusinscieusquis
483 1976 562 2042 iecit,
577 1993 659 2046 quam
671 1975 801 2046 prudeus,
818 1979 896 2030 beni.

225 2053 278 2106 Sed
290 2052 436 2104 inscientes
447 2046 498 2105 eda
508 2053 563 2105 sibi
573 2052 688 2104 fallacia

223 2130 264 2180 ita
275 2128 471 2197 cdmpararunt
481 2125 508 2180 et
519 2121 709 2180 conduxeri'mt
720 2127 823 2189 delum,

223 2204 319 2273 itaque
330 2201 359 2253 hl
369 2203 516 2254 commenti
527 2200 560 2254 de
571 2217 622 2253 sua
633 2201 776 2266 sentiatin,

222 2285 254 2328 ut
264 2280 293 2330 in
304 2276 435 2330 servitute
445 2277 491 2330 hic
501 2277 536 2330 dd
547 2293 627 2329 suum
637 2279 747 2328 maneit
756 2283 873 2344 patrem.

170 2359 195 2403 50
223 2353 265 2403 lta
276 2347 489 2420 ndnc'iguoraus
500 2346 550 2404 erio
562 2353 617 2403 sibi
627 2350 711 2403 servit
721 2350 803 2420 patri.

224 2421 392 2478 lleuulnculi
404 2427 500 2494 quanti
509 2435 584 2491 sunt,
601 2443 685 2495 quum
695 2423 832 2494 recdgite!

223 2499 301 2550 Haec
311 2499 354 2551 re's
366 2509 462 2567 agetur
472 2501 565 2565 mihis,
581 2503 661 2554 vobis
672 2500 776 2553 fibula.

225 2570 276 2620 Sed
289 2571 370 2623 ctiam
383 2583 431 2638 est,
444 2577 540 2642 paucis
550 2575 599 2626 vtis
611 2577 684 2642 qued
695 2577 815 2627 monitos
826 2576 977 2630 vtilrrerim.

224 2641 352 2696 l'reiecto
364 2650 502 2715 expediet,
519 2649 629 2702 fibulae
640 2648 704 2702 huie
716 2651 827 2718 euperem
839 2651 920 2705 dare.
