<?xml version="1.0" encoding="UTF-8"?>
<!DOCTYPE html PUBLIC "-//W3C//DTD XHTML 1.0 Transitional//EN"
    "http://www.w3.org/TR/xhtml1/DTD/xhtml1-transitional.dtd">
<html xmlns="http://www.w3.org/1999/xhtml" xml:lang="en" lang="en">
 <head>
  <title>
</title>
<meta http-equiv="Content-Type" content="text/html;charset=utf-8" />
  <meta name='ocr-system' content='tesseract 3.04.00' />
  <meta name='ocr-capabilities' content='ocr_page ocr_carea ocr_par ocr_line ocrx_word'/>
</head>
<body>
  <div class='ocr_page' id='page_1' title='image "./macciiplautiqua02plaugoog_0204.png"; bbox 0 0 2098 3016; ppageno 0'>
   <div class='ocr_carea' id='block_1_1' title="bbox 270 191 849 265">
    <p class='ocr_par' dir='ltr' id='par_1_1' title="bbox 270 191 849 265">
     <span class='ocr_line' id='line_1_1' title="bbox 270 191 849 265; baseline 0.005 -3"><span class='ocrx_word' id='word_1_1' title='bbox 270 191 394 262; x_wconf 79' lang='lat' dir='ltr'><strong>sonos</strong></span> <span class='ocrx_word' id='word_1_2' title='bbox 411 217 454 260; x_wconf 81' lang='grc' dir='ltr'><strong>ιν.</strong></span> <span class='ocrx_word' id='word_1_3' title='bbox 490 215 616 262; x_wconf 73' lang='lat' dir='ltr'><strong>sonos</strong></span> <span class='ocrx_word' id='word_1_4' title='bbox 635 217 677 262; x_wconf 78' lang='lat' dir='ltr'><strong>nx.</strong></span> <span class='ocrx_word' id='word_1_5' title='bbox 799 214 849 265; x_wconf 77' lang='lat'><strong>225</strong></span> 
     </span>
    </p>
   </div>
   <div class='ocr_carea' id='block_1_2' title="bbox 102 336 695 407">
    <p class='ocr_par' dir='ltr' id='par_1_2' title="bbox 102 336 695 407">
     <span class='ocr_line' id='line_1_2' title="bbox 102 336 695 407; baseline -0.01 -11"><span class='ocrx_word' id='word_1_6' title='bbox 102 336 295 396; x_wconf 77' lang='lat' dir='ltr'><strong>ven&#39;untamen</strong></span> <span class='ocrx_word' id='word_1_7' title='bbox 307 337 477 407; x_wconf 73' lang='lat' dir='ltr'><strong>accipientur</strong></span> <span class='ocrx_word' id='word_1_8' title='bbox 486 339 574 391; x_wconf 83' lang='lat' dir='ltr'><strong>mulso</strong></span> <span class='ocrx_word' id='word_1_9' title='bbox 585 340 695 391; x_wconf 83' lang='lat' dir='ltr'><strong>milites.</strong></span> 
     </span>
    </p>
   </div>
   <div class='ocr_carea' id='block_1_3' title="bbox 102 413 850 540">
    <p class='ocr_par' dir='ltr' id='par_1_3' title="bbox 102 413 850 540">
     <span class='ocr_line' id='line_1_3' title="bbox 102 413 850 538; baseline -0.008 -65"><span class='ocrx_word' id='word_1_10' title='bbox 102 419 186 473; x_wconf 85' lang='lat' dir='ltr'><strong>Nunc</strong></span> <span class='ocrx_word' id='word_1_11' title='bbox 202 415 273 467; x_wconf 75' lang='lat' dir='ltr'><strong>hinc</strong></span> <span class='ocrx_word' id='word_1_12' title='bbox 287 414 417 538; x_wconf 73' lang='lat' dir='ltr'><strong>ppacdam</strong></span> <span class='ocrx_word' id='word_1_13' title='bbox 433 430 540 468; x_wconf 90' lang='lat' dir='ltr'><strong>omnem</strong></span> <span class='ocrx_word' id='word_1_14' title='bbox 554 416 609 466; x_wconf 86' lang='lat' dir='ltr'><strong>iam</strong></span> <span class='ocrx_word' id='word_1_15' title='bbox 628 413 662 466; x_wconf 75' lang='lat' dir='ltr'><strong>id</strong></span> <span class='ocrx_word' id='word_1_16' title='bbox 678 419 850 482; x_wconf 74' lang='lat' dir='ltr'><strong>quaestorem</strong></span> 
     </span>
     <span class='ocr_line' id='line_1_4' title="bbox 170 487 402 540; baseline 0.004 -1"><span class='ocrx_word' id='word_1_17' title='bbox 170 497 174 505; x_wconf 73' lang='grc'><em>’</em></span> <span class='ocrx_word' id='word_1_18' title='bbox 273 487 305 539; x_wconf 78' lang='lat' dir='ltr'><strong>dd</strong></span> <span class='ocrx_word' id='word_1_19' title='bbox 319 503 402 540; x_wconf 85' lang='lat' dir='ltr'><strong>eram.</strong></span> 
     </span>
    </p>
   </div>
   <div class='ocr_carea' id='block_1_4' title="bbox 380 615 581 638">
    <p class='ocr_par' dir='ltr' id='par_1_4' title="bbox 380 615 581 638">
     <span class='ocr_line' id='line_1_5' title="bbox 380 615 581 638; baseline 0.02 -4"><span class='ocrx_word' id='word_1_20' title='bbox 380 615 581 638; x_wconf 55' lang='lat' dir='ltr'><strong>m</strong></span> 
     </span>
    </p>
   </div>
   <div class='ocr_carea' id='block_1_5' title="bbox 252 743 707 906">
    <p class='ocr_par' dir='ltr' id='par_1_5' title="bbox 252 743 707 906">
     <span class='ocr_line' id='line_1_6' title="bbox 252 743 707 790; baseline 0 0"><span class='ocrx_word' id='word_1_21' title='bbox 252 743 394 790; x_wconf 79' lang='lat' dir='ltr'>ACTUS</span> <span class='ocrx_word' id='word_1_22' title='bbox 417 743 460 790; x_wconf 85' lang='grc' dir='ltr'><strong>Ν.</strong></span> <span class='ocrx_word' id='word_1_23' title='bbox 497 743 642 789; x_wconf 80' lang='lat' dir='ltr'>SCENA</span> <span class='ocrx_word' id='word_1_24' title='bbox 665 745 707 790; x_wconf 85' lang='lat' dir='ltr'><strong>iX.</strong></span> 
     </span>
     <span class='ocr_line' id='line_1_7' title="bbox 332 858 625 906; baseline 0.01 -2"><span class='ocrx_word' id='word_1_25' title='bbox 332 858 625 906; x_wconf 77' lang='lat' dir='ltr'><strong>PHILOXENUS.</strong></span> 
     </span>
    </p>
   </div>
   <div class='ocr_carea' id='block_1_6' title="bbox 4 976 893 1198">
    <p class='ocr_par' dir='ltr' id='par_1_6' title="bbox 4 976 893 1198">
     <span class='ocr_line' id='line_1_8' title="bbox 4 976 852 1048; baseline -0.001 -17"><span class='ocrx_word' id='word_1_26' title='bbox 4 1037 7 1042; x_wconf 26' lang='lat'>¹</span> <span class='ocrx_word' id='word_1_27' title='bbox 107 979 197 1043; x_wconf 63' lang='lat' dir='ltr'><strong>onim</strong></span> <span class='ocrx_word' id='word_1_28' title='bbox 218 979 304 1046; x_wconf 82' lang='lat' dir='ltr'><strong>magis</strong></span> <span class='ocrx_word' id='word_1_29' title='bbox 323 978 352 1030; x_wconf 89' lang='lat' dir='ltr'><strong>in</strong></span> <span class='ocrx_word' id='word_1_30' title='bbox 366 976 478 1045; x_wconf 78' lang='lat' dir='ltr'><strong>pectore</strong></span> <span class='ocrx_word' id='word_1_31' title='bbox 496 993 557 1030; x_wconf 85' lang='lat' dir='ltr'><strong>meo</strong></span> <span class='ocrx_word' id='word_1_32' title='bbox 572 977 666 1045; x_wconf 80' lang='lat' dir='ltr'><strong>foveo,</strong></span> <span class='ocrx_word' id='word_1_33' title='bbox 688 977 755 1048; x_wconf 76' lang='lat' dir='ltr'><strong>quas</strong></span> <span class='ocrx_word' id='word_1_34' title='bbox 775 994 852 1031; x_wconf 86' lang='lat' dir='ltr'><strong>mens</strong></span> 
     </span>
     <span class='ocr_line' id='line_1_9' title="bbox 271 1048 893 1116; baseline 0.006 -12"><span class='ocrx_word' id='word_1_35' title='bbox 271 1048 452 1106; x_wconf 78' lang='lat' dir='ltr'><strong>iiliustnirbas</strong></span> <span class='ocrx_word' id='word_1_36' title='bbox 462 1054 562 1116; x_wconf 80' lang='lat' dir='ltr'><strong>turbet,</strong></span> <span class='ocrx_word' id='word_1_37' title='bbox 879 1101 893 1108; x_wconf 85' lang='lat'><strong>-</strong></span> 
     </span>
     <span class='ocr_line' id='line_1_10' title="bbox 107 1126 850 1198; baseline -0.001 -18"><span class='ocrx_word' id='word_1_38' title='bbox 107 1128 188 1198; x_wconf 73' lang='lat' dir='ltr'><strong>qsnim</strong></span> <span class='ocrx_word' id='word_1_39' title='bbox 204 1145 233 1181; x_wconf 91' lang='lat' dir='ltr'><strong>se</strong></span> <span class='ocrx_word' id='word_1_40' title='bbox 247 1129 283 1180; x_wconf 87' lang='lat' dir='ltr'><strong>ad</strong></span> <span class='ocrx_word' id='word_1_41' title='bbox 296 1129 381 1180; x_wconf 84' lang='lat' dir='ltr'><strong>vitam</strong></span> <span class='ocrx_word' id='word_1_42' title='bbox 396 1135 424 1180; x_wconf 83' lang='lat' dir='ltr'><strong>et</strong></span> <span class='ocrx_word' id='word_1_43' title='bbox 438 1127 507 1195; x_wconf 82' lang='lat' dir='ltr'><strong>qnos</strong></span> <span class='ocrx_word' id='word_1_44' title='bbox 522 1129 557 1179; x_wconf 88' lang='lat' dir='ltr'><strong>ad</strong></span> <span class='ocrx_word' id='word_1_45' title='bbox 571 1135 662 1180; x_wconf 80' lang='lat' dir='ltr'><strong>mores</strong></span> <span class='ocrx_word' id='word_1_46' title='bbox 672 1126 850 1196; x_wconf 74' lang='lat' dir='ltr'><strong>praecipitem</strong></span> 
     </span>
    </p>
   </div>
   <div class='ocr_carea' id='block_1_7' title="bbox 55 1197 959 2594">
    <p class='ocr_par' dir='ltr' id='par_1_7' title="bbox 271 1197 537 1269">
     <span class='ocr_line' id='line_1_11' title="bbox 271 1197 537 1269; baseline 0 -15"><span class='ocrx_word' id='word_1_47' title='bbox 271 1197 387 1254; x_wconf 76' lang='lat' dir='ltr'><strong>inscissis</strong></span> <span class='ocrx_word' id='word_1_48' title='bbox 399 1209 537 1269; x_wconf 78' lang='lat' dir='ltr'><strong>capessat:</strong></span> 
     </span>
    </p>

    <p class='ocr_par' dir='ltr' id='par_1_8' title="bbox 107 1276 853 1417">
     <span class='ocr_line' id='line_1_12' title="bbox 107 1276 853 1346; baseline -0.003 -14"><span class='ocrx_word' id='word_1_49' title='bbox 107 1277 285 1346; x_wconf 83' lang='lat' dir='ltr'><strong>migiscurae</strong></span> <span class='ocrx_word' id='word_1_50' title='bbox 296 1284 345 1340; x_wconf 86' lang='lat' dir='ltr'><strong>cst,</strong></span> <span class='ocrx_word' id='word_1_51' title='bbox 356 1278 499 1344; x_wconf 78' lang='lat' dir='ltr'>magisque</span> <span class='ocrx_word' id='word_1_52' title='bbox 510 1276 667 1341; x_wconf 78' lang='lat' dir='ltr'><strong>ifformidc,</strong></span> <span class='ocrx_word' id='word_1_53' title='bbox 678 1293 712 1328; x_wconf 87' lang='lat' dir='ltr'><strong>ne</strong></span> <span class='ocrx_word' id='word_1_54' title='bbox 722 1277 745 1328; x_wconf 87' lang='lat' dir='ltr'><strong>1&#39;s</strong></span> <span class='ocrx_word' id='word_1_55' title='bbox 756 1283 853 1345; x_wconf 85' lang='lat' dir='ltr'><strong>pereat</strong></span> 
     </span>
     <span class='ocr_line' id='line_1_13' title="bbox 274 1350 536 1417; baseline 0 -15"><span class='ocrx_word' id='word_1_56' title='bbox 274 1368 328 1402; x_wconf 85' lang='lat' dir='ltr'><strong>nou</strong></span> <span class='ocrx_word' id='word_1_57' title='bbox 338 1350 536 1417; x_wconf 81' lang='lat' dir='ltr'><strong>corrumpatur.</strong></span> 
     </span>
    </p>

    <p class='ocr_par' dir='ltr' id='par_1_9' title="bbox 110 1422 854 1567">
     <span class='ocr_line' id='line_1_14' title="bbox 110 1422 854 1496; baseline -0.003 -16"><span class='ocrx_word' id='word_1_58' title='bbox 110 1425 185 1496; x_wconf 77' lang='lat' dir='ltr'><strong>[Nec</strong></span> <span class='ocrx_word' id='word_1_59' title='bbox 194 1425 329 1494; x_wconf 81' lang='lat' dir='ltr'><strong>placitant</strong></span> <span class='ocrx_word' id='word_1_60' title='bbox 338 1423 443 1489; x_wconf 73' lang='lat' dir='ltr'><strong>mores,</strong></span> <span class='ocrx_word' id='word_1_61' title='bbox 458 1426 557 1491; x_wconf 85' lang='lat' dir='ltr'><strong>quibus</strong></span> <span class='ocrx_word' id='word_1_62' title='bbox 569 1426 651 1478; x_wconf 83' lang='lat' dir='ltr'><strong>video</strong></span> <span class='ocrx_word' id='word_1_63' title='bbox 665 1422 747 1493; x_wconf 82' lang='lat' dir='ltr'><strong>vdlgo</strong></span> <span class='ocrx_word' id='word_1_64' title='bbox 762 1427 854 1494; x_wconf 81' lang='lat' dir='ltr'><strong>gnatis</strong></span> 
     </span>
     <span class='ocr_line' id='line_1_15' title="bbox 275 1499 496 1567; baseline -0.014 -15"><span class='ocrx_word' id='word_1_65' title='bbox 275 1499 496 1567; x_wconf 85' lang='lat' dir='ltr'><strong>e&#39;sseparentcs.]</strong></span> 
     </span>
    </p>

    <p class='ocr_par' dir='ltr' id='par_1_10' title="bbox 110 1571 909 1702">
     <span class='ocr_line' id='line_1_16' title="bbox 110 1571 855 1642; baseline -0.007 -11"><span class='ocrx_word' id='word_1_66' title='bbox 110 1576 190 1642; x_wconf 82' lang='lat' dir='ltr'><strong>Scio,</strong></span> <span class='ocrx_word' id='word_1_67' title='bbox 211 1590 263 1642; x_wconf 81' lang='lat' dir='ltr'><strong>ego</strong></span> <span class='ocrx_word' id='word_1_68' title='bbox 278 1573 320 1626; x_wconf 80' lang='lat' dir='ltr'><strong>fui</strong></span> <span class='ocrx_word' id='word_1_69' title='bbox 334 1573 385 1624; x_wconf 81' lang='lat' dir='ltr'><strong>iila</strong></span> <span class='ocrx_word' id='word_1_70' title='bbox 396 1572 499 1637; x_wconf 80' lang='lat' dir='ltr'><strong>aetate,</strong></span> <span class='ocrx_word' id='word_1_71' title='bbox 514 1579 541 1624; x_wconf 87' lang='lat' dir='ltr'><strong>et</strong></span> <span class='ocrx_word' id='word_1_72' title='bbox 553 1573 608 1625; x_wconf 86' lang='lat' dir='ltr'><strong>feci</strong></span> <span class='ocrx_word' id='word_1_73' title='bbox 622 1573 673 1624; x_wconf 86' lang='lat' dir='ltr'><strong>illo</strong></span> <span class='ocrx_word' id='word_1_74' title='bbox 684 1571 787 1639; x_wconf 84' lang='lat' dir='ltr'><strong>dmnia3</strong></span> <span class='ocrx_word' id='word_1_75' title='bbox 807 1575 855 1628; x_wconf 87' lang='lat' dir='ltr'><strong>sed</strong></span> 
     </span>
     <span class='ocr_line' id='line_1_17' title="bbox 275 1647 909 1702; baseline 0.003 -2"><span class='ocrx_word' id='word_1_76' title='bbox 275 1647 351 1700; x_wconf 81' lang='lat' dir='ltr'><strong>more</strong></span> <span class='ocrx_word' id='word_1_77' title='bbox 365 1647 504 1699; x_wconf 86' lang='lat' dir='ltr'><strong>modesto:</strong></span> <span class='ocrx_word' id='word_1_78' title='bbox 898 1660 909 1702; x_wconf 77' lang='lat'><strong>5</strong></span> 
     </span>
    </p>

    <p class='ocr_par' dir='ltr' id='par_1_11' title="bbox 108 1716 856 1789">
     <span class='ocr_line' id='line_1_18' title="bbox 108 1716 856 1789; baseline -0.004 -11"><span class='ocrx_word' id='word_1_79' title='bbox 108 1721 188 1789; x_wconf 79' lang='lat' dir='ltr'><strong>diui,</strong></span> <span class='ocrx_word' id='word_1_80' title='bbox 204 1723 289 1776; x_wconf 88' lang='lat' dir='ltr'><strong>habui</strong></span> <span class='ocrx_word' id='word_1_81' title='bbox 299 1716 435 1785; x_wconf 80' lang='lat' dir='ltr'><strong>scontdm,</strong></span> <span class='ocrx_word' id='word_1_82' title='bbox 451 1722 561 1788; x_wconf 82' lang='lat' dir='ltr'><strong>potavi,</strong></span> <span class='ocrx_word' id='word_1_83' title='bbox 577 1720 654 1786; x_wconf 73' lang='lat' dir='ltr'><strong>dedi,</strong></span> <span class='ocrx_word' id='word_1_84' title='bbox 671 1722 783 1786; x_wconf 82' lang='lat' dir='ltr'><strong>donavi;</strong></span> <span class='ocrx_word' id='word_1_85' title='bbox 808 1721 856 1776; x_wconf 74' lang='lat' dir='ltr'><strong>sed</strong></span> 
     </span>
    </p>

    <p class='ocr_par' dir='ltr' id='par_1_12' title="bbox 124 1797 470 1870">
     <span class='ocr_line' id='line_1_19' title="bbox 124 1797 470 1870; baseline -0.006 -20"><span class='ocrx_word' id='word_1_86' title='bbox 124 1858 130 1870; x_wconf 39' lang='grc' dir='ltr'><strong><em>Ι</em></strong></span> <span class='ocrx_word' id='word_1_87' title='bbox 272 1799 345 1850; x_wconf 87' lang='lat' dir='ltr'><strong>enim</strong></span> <span class='ocrx_word' id='word_1_88' title='bbox 355 1797 385 1848; x_wconf 86' lang='lat' dir='ltr'><strong>id</strong></span> <span class='ocrx_word' id='word_1_89' title='bbox 395 1812 470 1848; x_wconf 83' lang='lat' dir='ltr'><strong>raro.</strong></span> 
     </span>
    </p>

    <p class='ocr_par' dir='ltr' id='par_1_13' title="bbox 108 1867 959 2016">
     <span class='ocr_line' id='line_1_20' title="bbox 108 1867 959 1940; baseline 0 -16"><span class='ocrx_word' id='word_1_90' title='bbox 108 1873 184 1940; x_wconf 82' lang='lat' dir='ltr'><strong>Ergo</strong></span> <span class='ocrx_word' id='word_1_91' title='bbox 194 1873 260 1926; x_wconf 85' lang='lat' dir='ltr'><strong>darc</strong></span> <span class='ocrx_word' id='word_1_92' title='bbox 274 1889 319 1926; x_wconf 89' lang='lat' dir='ltr'><strong>me</strong></span> <span class='ocrx_word' id='word_1_93' title='bbox 332 1867 427 1926; x_wconf 77' lang='lat' dir='ltr'><strong>lsidnm</strong></span> <span class='ocrx_word' id='word_1_94' title='bbox 441 1888 502 1924; x_wconf 87' lang='lat' dir='ltr'><strong>meo</strong></span> <span class='ocrx_word' id='word_1_95' title='bbox 516 1871 742 1940; x_wconf 69' lang='lat' dir='ltr'><strong>guasconiam,</strong></span> <span class='ocrx_word' id='word_1_96' title='bbox 758 1879 788 1925; x_wconf 90' lang='lat' dir='ltr'><strong>ut</strong></span> <span class='ocrx_word' id='word_1_97' title='bbox 798 1871 855 1924; x_wconf 81' lang='lat' dir='ltr'><strong>dni·</strong></span> <span class='ocrx_word' id='word_1_98' title='bbox 952 1913 959 1924; x_wconf 82' lang='grc'><strong>.</strong></span> 
     </span>
     <span class='ocr_line' id='line_1_21' title="bbox 273 1948 498 2016; baseline -0.004 -17"><span class='ocrx_word' id='word_1_99' title='bbox 273 1964 318 2000; x_wconf 89' lang='lat' dir='ltr'><strong>mo</strong></span> <span class='ocrx_word' id='word_1_100' title='bbox 337 1948 498 2016; x_wconf 81' lang='lat' dir='ltr'>obsequium</span> 
     </span>
    </p>

    <p class='ocr_par' dir='ltr' id='par_1_14' title="bbox 111 2015 855 2148">
     <span class='ocr_line' id='line_1_22' title="bbox 111 2015 855 2092; baseline 0 -18"><span class='ocrx_word' id='word_1_101' title='bbox 111 2015 218 2074; x_wconf 78' lang='lat' dir='ltr'><strong>minnere</strong></span> <span class='ocrx_word' id='word_1_102' title='bbox 228 2023 328 2090; x_wconf 80' lang='lat' dir='ltr'><strong>possit:</strong></span> <span class='ocrx_word' id='word_1_103' title='bbox 344 2021 460 2089; x_wconf 82' lang='lat' dir='ltr'><strong>ae&#39;qunm</strong></span> <span class='ocrx_word' id='word_1_104' title='bbox 471 2038 531 2076; x_wconf 86' lang='lat' dir='ltr'><strong>esse</strong></span> <span class='ocrx_word' id='word_1_105' title='bbox 541 2028 623 2092; x_wconf 85' lang='lat' dir='ltr'><strong>puto;</strong></span> <span class='ocrx_word' id='word_1_106' title='bbox 638 2020 687 2074; x_wconf 77' lang='lat' dir='ltr'><strong>sed</strong></span> <span class='ocrx_word' id='word_1_107' title='bbox 698 2023 779 2073; x_wconf 86' lang='lat' dir='ltr'><strong>nimis</strong></span> <span class='ocrx_word' id='word_1_108' title='bbox 789 2021 855 2074; x_wconf 82' lang='lat' dir='ltr'><strong>noid</strong></span> 
     </span>
     <span class='ocr_line' id='line_1_23' title="bbox 278 2097 400 2148; baseline 0.016 -2"><span class='ocrx_word' id='word_1_109' title='bbox 278 2097 400 2148; x_wconf 82' lang='lat' dir='ltr'><strong>desidiae</strong></span> 
     </span>
    </p>

    <p class='ocr_par' dir='ltr' id='par_1_15' title="bbox 111 2164 855 2310">
     <span class='ocr_line' id='line_1_24' title="bbox 111 2164 855 2236; baseline -0.007 -9"><span class='ocrx_word' id='word_1_110' title='bbox 111 2173 139 2227; x_wconf 82' lang='lat' dir='ltr'><strong>ei</strong></span> <span class='ocrx_word' id='word_1_111' title='bbox 159 2173 226 2224; x_wconf 88' lang='lat' dir='ltr'><strong>dare</strong></span> <span class='ocrx_word' id='word_1_112' title='bbox 245 2171 348 2222; x_wconf 84' lang='lat' dir='ltr'><strong>ludum.</strong></span> <span class='ocrx_word' id='word_1_113' title='bbox 386 2164 466 2223; x_wconf 80' lang='lat' dir='ltr'><strong>Nsinc</strong></span> <span class='ocrx_word' id='word_1_114' title='bbox 486 2178 575 2224; x_wconf 88' lang='lat' dir='ltr'><strong>autem</strong></span> <span class='ocrx_word' id='word_1_115' title='bbox 595 2173 629 2223; x_wconf 86' lang='lat' dir='ltr'><strong>ad</strong></span> <span class='ocrx_word' id='word_1_116' title='bbox 646 2169 855 2236; x_wconf 82' lang='lat' dir='ltr'><strong>Mnesilochum,</strong></span> 
     </span>
     <span class='ocr_line' id='line_1_25' title="bbox 280 2243 590 2310; baseline 0.01 -16"><span class='ocrx_word' id='word_1_117' title='bbox 280 2243 353 2310; x_wconf 88' lang='lat' dir='ltr'><strong>qnod</strong></span> <span class='ocrx_word' id='word_1_118' title='bbox 364 2244 504 2308; x_wconf 77' lang='lat' dir='ltr'><strong>mandavi,</strong></span> <span class='ocrx_word' id='word_1_119' title='bbox 520 2246 590 2309; x_wconf 87' lang='lat' dir='ltr'><strong>viso,</strong></span> 
     </span>
    </p>

    <p class='ocr_par' dir='ltr' id='par_1_16' title="bbox 101 2312 857 2390">
     <span class='ocr_line' id='line_1_26' title="bbox 101 2312 857 2390; baseline -0.001 -17"><span class='ocrx_word' id='word_1_120' title='bbox 101 2319 212 2390; x_wconf 76' lang='lat' dir='ltr'><strong>-ecquid</strong></span> <span class='ocrx_word' id='word_1_121' title='bbox 228 2335 289 2371; x_wconf 82' lang='lat' dir='ltr'><strong>eum</strong></span> <span class='ocrx_word' id='word_1_122' title='bbox 305 2317 339 2368; x_wconf 87' lang='lat' dir='ltr'><strong>ad</strong></span> <span class='ocrx_word' id='word_1_123' title='bbox 350 2312 476 2370; x_wconf 82' lang='lat' dir='ltr'><strong>virtdtem</strong></span> <span class='ocrx_word' id='word_1_124' title='bbox 489 2320 582 2372; x_wconf 81' lang='lat' dir='ltr'><strong>autad</strong></span> <span class='ocrx_word' id='word_1_125' title='bbox 593 2313 699 2388; x_wconf 77' lang='lat' dir='ltr'><strong>fringens</strong></span> <span class='ocrx_word' id='word_1_126' title='bbox 712 2335 796 2386; x_wconf 85' lang='lat' dir='ltr'><strong>opera</strong></span> <span class='ocrx_word' id='word_1_127' title='bbox 806 2315 857 2372; x_wconf 79' lang='lat' dir='ltr'><strong>sda</strong></span> 
     </span>
    </p>

    <p class='ocr_par' dir='ltr' id='par_1_17' title="bbox 55 2391 911 2460">
     <span class='ocr_line' id='line_1_27' title="bbox 55 2391 911 2460; baseline 0 -16"><span class='ocrx_word' id='word_1_128' title='bbox 55 2391 61 2396; x_wconf 81' lang='grc'><strong>’</strong></span> <span class='ocrx_word' id='word_1_129' title='bbox 280 2392 450 2460; x_wconf 85' lang='lat' dir='ltr'><strong>compulerit,</strong></span> <span class='ocrx_word' id='word_1_130' title='bbox 886 2403 911 2446; x_wconf 71' lang='lat' dir='ltr'><strong>io</strong></span> 
     </span>
    </p>

    <p class='ocr_par' dir='ltr' id='par_1_18' title="bbox 111 2465 855 2594">
     <span class='ocr_line' id='line_1_28' title="bbox 111 2465 855 2538; baseline -0.001 -18"><span class='ocrx_word' id='word_1_131' title='bbox 111 2470 184 2521; x_wconf 82' lang='lat' dir='ltr'><strong>sicut</strong></span> <span class='ocrx_word' id='word_1_132' title='bbox 198 2485 273 2534; x_wconf 88' lang='lat' dir='ltr'><strong>enm,</strong></span> <span class='ocrx_word' id='word_1_133' title='bbox 287 2467 313 2518; x_wconf 89' lang='lat' dir='ltr'><strong>si</strong></span> <span class='ocrx_word' id='word_1_134' title='bbox 328 2466 467 2532; x_wconf 79' lang='lat' dir='ltr'><strong>convenit,</strong></span> <span class='ocrx_word' id='word_1_135' title='bbox 482 2465 540 2520; x_wconf 91' lang='lat' dir='ltr'><strong>scio</strong></span> <span class='ocrx_word' id='word_1_136' title='bbox 555 2466 667 2520; x_wconf 66' lang='lat' dir='ltr'><strong>fecisse:</strong></span> <span class='ocrx_word' id='word_1_137' title='bbox 687 2485 720 2520; x_wconf 89' lang='lat' dir='ltr'><strong>eo</strong></span> <span class='ocrx_word' id='word_1_138' title='bbox 733 2474 773 2519; x_wconf 84' lang='lat' dir='ltr'><strong>est</strong></span> <span class='ocrx_word' id='word_1_139' title='bbox 783 2469 855 2538; x_wconf 82' lang='lat' dir='ltr'><strong>ingc&#39;-</strong></span> 
     </span>
     <span class='ocr_line' id='line_1_29' title="bbox 276 2543 426 2594; baseline 0 -1"><span class='ocrx_word' id='word_1_140' title='bbox 276 2543 324 2593; x_wconf 91' lang='lat' dir='ltr'><strong>nio</strong></span> <span class='ocrx_word' id='word_1_141' title='bbox 336 2549 426 2594; x_wconf 84' lang='lat' dir='ltr'><strong>natus.</strong></span> 
     </span>
    </p>
   </div>
   <div class='ocr_carea' id='block_1_8' title="bbox 0 0 1056 3016">
    <p class='ocr_par' dir='ltr' id='par_1_19' title="bbox 0 0 1056 3016">
     <span class='ocr_line' id='line_1_30' title="bbox 0 0 1056 3016; baseline 0 0"><span class='ocrx_word' id='word_1_142' title='bbox 0 0 1056 3016; x_wconf 95' lang='lat' dir='ltr'><strong> </strong></span> 
     </span>
    </p>
   </div>
  </div>
 </body>
</html>
